@article{dean2003,
author = "Dean, J.",
title = "Calculation of Wood Volume and Stem Taper Using Terrestrial Single-Image Close-Range Photogrammetry and Contemporary Software Tools",
journal = "Silva Fennica",
volume = "37",
number = "3",
pages = "359--380",
year = 2003
}

@book{ortiz2014,
  author       = {Ortíz, E.}, 
  title        = {Atlas Digital de Costa Rica 2014},
  publisher    = {Instituto Tecnológico de Costa Rica},
  year         = {2014}
}

@book{sanchez2008,
author = "Sánchez, J. and Cascante, A.",
title = "Árboles ornamentales del Valle Central de Costa Rica: especies con floración llamativa",
publisher = "Instituto Nacional de Biodiversidad",
year = "2008"
}